<record><leader>00000cas a2200000Ma 4500</leader><controlfield tag="001">10952553</controlfield><controlfield tag="008">840716d18481882nhuwr ne      0    0eng d</controlfield><datafield ind1=" " ind2=" " tag="010"><subfield code="a">sn 84023693 </subfield></datafield><datafield ind1=" " ind2=" " tag="040"><subfield code="a">AQM</subfield><subfield code="b">eng</subfield><subfield code="c">AQM</subfield><subfield code="d">OCLCQ</subfield></datafield><datafield ind1="0" ind2=" " tag="130"><subfield code="a">Northern advocate (Claremont, N.H.)</subfield></datafield><datafield ind1="1" ind2="4" tag="245"><subfield code="a">The northern advocate.</subfield></datafield><datafield ind1=" " ind2=" " tag="260"><subfield code="a">[Claremont] N.H. :</subfield><subfield code="b">Weber &amp; Strong</subfield></datafield><datafield ind1=" " ind2=" " tag="300"><subfield code="a">v. ;</subfield><subfield code="c">57 cm.</subfield></datafield><datafield ind1=" " ind2=" " tag="310"><subfield code="a">Weekly</subfield></datafield><datafield ind1="1" ind2=" " tag="362"><subfield code="a">Began in 1848.</subfield><subfield code="z">Cf. Moore, J.W. Hist., biog., and misc. gatherings, 1886.</subfield></datafield><datafield ind1="1" ind2=" " tag="362"><subfield code="a">Ceased with Nov. 25, 1882 issue.</subfield><subfield code="z">Cf. Amer. newspapers, 1821-1936.</subfield></datafield><datafield ind1=" " ind2=" " tag="500"><subfield code="a">Published at Winchester, N.H., 1849-1851. Cf. Moore, J.W. Hist., biog., and misc. gatherings, 1886.</subfield></datafield><datafield ind1=" " ind2=" " tag="500"><subfield code="a">Editors: Weber &amp; Strong, &lt;1850&gt;; J. Weber, &lt;1851-1876&gt;.</subfield></datafield><datafield ind1=" " ind2=" " tag="588"><subfield code="a">Description based on: Vol. 1, no. 34 (Jan. 29, 1850).</subfield></datafield><datafield ind1=" " ind2="7" tag="655"><subfield code="a">Newspapers.</subfield><subfield code="2">rbgenr</subfield></datafield><datafield ind1="1" ind2=" " tag="700"><subfield code="a">Weber, Joseph,</subfield><subfield code="d">1803-1882.</subfield></datafield><datafield ind1="1" ind2=" " tag="700"><subfield code="a">Strong, J. C.</subfield></datafield><datafield ind1=" " ind2=" " tag="752"><subfield code="a">United States</subfield><subfield code="b">New Hampshire</subfield><subfield code="c">Sullivan</subfield><subfield code="d">Claremont.</subfield></datafield><datafield ind1=" " ind2=" " tag="752"><subfield code="a">United States</subfield><subfield code="b">New Hampshire</subfield><subfield code="c">Sullivan</subfield><subfield code="d">Winchester.</subfield></datafield><datafield ind1="0" ind2="0" tag="780"><subfield code="t">Northern intelligencer (Claremont, N.H.)</subfield></datafield><datafield ind1="0" ind2="0" tag="785"><subfield code="t">Claremont advocate</subfield><subfield code="w">(DLC)sn 84020388</subfield></datafield><datafield ind1="1" ind2=" " tag="029"><subfield code="a">AU@</subfield><subfield code="b">000025826752</subfield></datafield></record>